@article{stamp2004revealing,
	title={A revealing introduction to hidden Markov models},
	author={Stamp, Mark}
}

@article{corbett1994knowledge,
	title={Knowledge tracing: Modeling the acquisition of procedural knowledge},
	author={Corbett, Albert T and Anderson, John R},
	journal={User modeling and user-adapted interaction},
	volume={4},
	number={4},
	pages={253--278},
	year={1994},
	publisher={Springer}
}

@Misc{assistmentsdata,
OPTkey = {•},
OPTauthor = {•},
title = {ASSISTments 2009-10 Skill-builder data},
howpublished = "\url{https://sites.google.com/site/assistmentsdata/home/assistment-2009-2010-data/skill-builder-data-2009-2010}",
OPTmonth = {•},
OPTyear = {•},
OPTnote = {•},
OPTannote = {ASSISTments 2009-10 Skill-builder data}
}

@inproceedings{lin2016intervention,
  title={Intervention-BKT: incorporating instructional interventions into bayesian knowledge tracing},
  author={Lin, Chen and Chi, Min},
  booktitle={International Conference on Intelligent Tutoring Systems},
  pages={208--218},
  year={2016},
  organization={Springer}
}

@techreport{chiappa2003hmm,
  title={HMM and IOHMM modeling of EEG rhythms for asynchronous BCI systems},
  author={Chiappa, Silvia and Bengio, Samy},
  year={2003},
  institution={IDIAP}
}

@inproceedings{d2008more,
  title={More accurate student modeling through contextual estimation of slip and guess probabilities in bayesian knowledge tracing},
  author={d Baker, Ryan SJ and Corbett, Albert T and Aleven, Vincent},
  booktitle={Intelligent Tutoring Systems},
  pages={406--415},
  year={2008},
  organization={Springer}
}

@inproceedings{spaulding2016affect,
  title={Affect-aware student models for robot tutors},
  author={Spaulding, Samuel and Gordon, Goren and Breazeal, Cynthia},
  booktitle={Proceedings of the 2016 International Conference on Autonomous Agents \& Multiagent Systems},
  pages={864--872},
  year={2016},
  organization={International Foundation for Autonomous Agents and Multiagent Systems}
}

@inproceedings{schultz2014tracing,
  title={Tracing knowledge and engagement in parallel in an intelligent tutoring system},
  author={Schultz, Sarah and Arroyo, Ivon},
  booktitle={Educational Data Mining 2014},
  year={2014}
}

@inproceedings{pardos2011kt,
  title={KT-IDEM: introducing item difficulty to the knowledge tracing model},
  author={Pardos, Zachary A and Heffernan, Neil T},
  booktitle={International Conference on User Modeling, Adaptation, and Personalization},
  pages={243--254},
  year={2011},
  organization={Springer}
}

@inproceedings{yudelson2013individualized,
  title={Individualized bayesian knowledge tracing models},
  author={Yudelson, Michael V and Koedinger, Kenneth R and Gordon, Geoffrey J},
  booktitle={International Conference on Artificial Intelligence in Education},
  pages={171--180},
  year={2013},
  organization={Springer}
}

@inproceedings{piech2015deep,
  title={Deep knowledge tracing},
  author={Piech, Chris and Bassen, Jonathan and Huang, Jonathan and Ganguli, Surya and Sahami, Mehran and Guibas, Leonidas J and Sohl-Dickstein, Jascha},
  booktitle={Advances in Neural Information Processing Systems},
  pages={505--513},
  year={2015}
}

@inproceedings{lin2017comparisons,
  title={A comparisons of BKT, RNN and LSTM for learning gain prediction},
  author={Lin, Chen and Chi, Min},
  booktitle={International Conference on Artificial Intelligence in Education},
  pages={536--539},
  year={2017},
  organization={Springer}
}

@article{lipton2015learning,
  title={Learning to diagnose with LSTM recurrent neural networks},
  author={Lipton, Zachary C and Kale, David C and Elkan, Charles and Wetzel, Randall},
  journal={arXiv preprint arXiv:1511.03677},
  year={2015}
}

@inproceedings{johns2006dynamic,
  title={A dynamic mixture model to detect student motivation and proficiency},
  author={Johns, Jeffrey and Woolf, Beverly},
  year={2006}
}